@article{greenwade93,
    author  = "George D. Greenwade",
    title   = "The {C}omprehensive {T}ex {A}rchive {N}etwork ({CTAN})",
    year    = "1993",
    journal = "TUGBoat",
    volume  = "14",
    number  = "3",
    pages   = "342--351"
}
@misc{github2024,
  author       = {Diaosi1317092},
  title        = {Database Project},
  year         = {2024},
  url          = {https://github.com/Diaosi1317092/Database-Project},
  note         = {Accessed: 2024-12-22}
}
@misc{pgbench2024,
  author       = {PostgreSQL Documentation},
  title        = {pgbench - PostgreSQL Benchmarking Tool},
  year         = {2024},
  url          = {https://docs.postgresql.tw/reference/client-applications/pgbench},
  note         = {Accessed: 2024-12-22}
}
@misc{pgpool-zhcn,
  author = {Pgpool-II Project},
  title = {Pgpool-II 3.5.4 Documentation (Chinese Version)},
  year = {2024},
  url = {https://www.pgpool.net/docs/pgpool-II-3.5.4/doc/pgpool-zh_cn.html},
  note = {Accessed: 2024-12-22}
}

@misc{pgpool-en,
  author = {Pgpool-II Project},
  title = {Pgpool-II 4.5 Documentation (English Version)},
  year = {2024},
  url = {https://www.pgpool.net/docs/45/en/html/index.html},
  note = {Accessed: 2024-12-22}
}
@misc{xiong2024,
  author       = {Zihao Xiong},
  title        = {Evaluation of openGauss},
  year         = {2024},
  howpublished = {Personal communication},
  note         = {Delivered at the College of Engineering}
}
